<record><leader>00000cas a22000007a 4500</leader><controlfield tag="001">12380711</controlfield><controlfield tag="008">850813d19271932iaudr ne      0    0eng d</controlfield><datafield ind1=" " ind2=" " tag="010"><subfield code="a">sn 85049719 </subfield></datafield><datafield ind1=" " ind2=" " tag="040"><subfield code="a">INP</subfield><subfield code="b">eng</subfield><subfield code="c">INP</subfield><subfield code="d">OCL</subfield><subfield code="d">NVF</subfield><subfield code="d">OCLCQ</subfield><subfield code="d">OCLCF</subfield><subfield code="d">OCLCO</subfield></datafield><datafield ind1="1" ind2=" " tag="029"><subfield code="a">AU@</subfield><subfield code="b">000020386848</subfield></datafield><datafield ind1=" " ind2=" " tag="042"><subfield code="a">msc</subfield></datafield><datafield ind1=" " ind2=" " tag="043"><subfield code="a">n-us-ia</subfield></datafield><datafield ind1="0" ind2="0" tag="245"><subfield code="a">Evening gazette and Republican.</subfield></datafield><datafield ind1="1" ind2=" " tag="246"><subfield code="i">Published on Sundays as:</subfield><subfield code="a">Sunday gazette and Republican</subfield><subfield code="f">&lt;Oct. 18, 1931&gt;</subfield></datafield><datafield ind1=" " ind2=" " tag="260"><subfield code="a">Cedar Rapids, Iowa :</subfield><subfield code="b">Gazette Co.,</subfield><subfield code="c">1927-1932.</subfield></datafield><datafield ind1=" " ind2=" " tag="300"><subfield code="a">v.</subfield></datafield><datafield ind1=" " ind2=" " tag="310"><subfield code="a">Daily</subfield></datafield><datafield ind1="0" ind2=" " tag="362"><subfield code="a">Vol. 45, no. 85 (Apr. 18, 1927)-v. 50, no. 145 (June 2, 1932).</subfield></datafield><datafield ind1=" " ind2=" " tag="500"><subfield code="a">"Eastern Iowa's leading daily."</subfield></datafield><datafield ind1=" " ind2="0" tag="651"><subfield code="a">Cedar Rapids (Iowa)</subfield><subfield code="v">Newspapers.</subfield></datafield><datafield ind1=" " ind2="7" tag="655"><subfield code="a">Newspapers.</subfield><subfield code="2">fast</subfield><subfield code="0">(OCoLC)fst01423814</subfield></datafield><datafield ind1=" " ind2="7" tag="651"><subfield code="a">Iowa</subfield><subfield code="z">Cedar Rapids.</subfield><subfield code="2">fast</subfield><subfield code="0">(OCoLC)fst01206097</subfield></datafield><datafield ind1=" " ind2=" " tag="752"><subfield code="a">United States</subfield><subfield code="b">Iowa</subfield><subfield code="c">Linn</subfield><subfield code="d">Cedar Rapids.</subfield></datafield><datafield ind1="0" ind2="4" tag="780"><subfield code="t">Evening gazette (Cedar Rapids, Iowa : 1912)</subfield><subfield code="w">(DLC)sn 85049718</subfield></datafield><datafield ind1="0" ind2="4" tag="780"><subfield code="t">Cedar Rapids Republican (Cedar Rapids, Iowa : 1922)</subfield><subfield code="w">(DLC)sn 85049714</subfield></datafield><datafield ind1="0" ind2="0" tag="785"><subfield code="t">Cedar Rapids gazette</subfield><subfield code="w">(DLC)sn 82015302</subfield></datafield></record>